@misc{db-engines-rating,
	title="DBMS popularity broken down by database model",
	howpublished="URL: \url{https://db-engines.com/en/ranking_categories} (дата обращения: 28.04.2022)"
}
@misc{rfbn,
	title="Расширенная Бэкуса — Наура форма (РБНФ)",
	howpublished="URL: \url{https://studme.org/380486/informatika/rasshirennaya_bekusa_naura_forma_rbnf} (дата обращения: 05.05.2022)"
}

@misc{postgres-types,
	title="Типы данных",
	howpublished="URL: \url{https://www.postgresql.org/docs/14/datatype.html} (дата обращения: 01.05.2022)"
}

@misc{rdbms,
	title="Реляционная система управления базой данных",
	howpublished="URL: \url{https://clck.ru/ao9co} (дата обращения: 30.04.2022)"
}


@misc{ansi-sql,
	title="ANSI SQL",
	howpublished="URL: \url{https://docs.oracle.com/cd/B12037_01/server.101/b10759/ap_standard_sql001.htm} (дата обращения: 30.04.2022)"
}
@misc{iso-sql,
	title="ISO/IEC 9075-1:2016",
	howpublished="URL: \url{https://www.iso.org/obp/ui/#iso:std:iso-iec:9075:-1:ed-5:v1:en} (дата обращения: 01.05.2022)"
}
@misc{postgresql-standard,
	title="PostgresSQL Conformance",
	howpublished="URL: \url{https://www.postgresql.org/docs/current/features.html} (дата обращения: 29.04.2022)"
}
@misc{mysql-standard,
	title="MySQL Standards Compliance",
	howpublished="URL: \url{https://dev.mysql.com/doc/refman/8.0/en/compatibility.html} (дата обращения: 01.05.2022)"
}
@misc{sqlite-standard,
	title="SQLite",
	howpublished="URL: \url{https://www.sqlite.org/index.html} (дата обращения: 30.04.2022)"
}

@misc{cmp-postgresql-mysql,
	title="PostgreSQL VS MySQL - What Are The Main Differences",
	howpublished="URL: \url{https://www.softwaretestinghelp.com/postgresql-vs-mysql/} (дата обращения: 30.04.2022)"
}


@misc{pythonlang,
	title="Welcome to Python",
	howpublished="URL: \url{https://www.python.org} (дата обращения: 30.04.2022)"
}

@misc{pythonlangtime,
	title="time — Time access and conversions",
	howpublished="URL: \url{https://docs.python.org/3/library/time.html#functions} (дата обращения: 04.09.2021)"
}


@misc{pycharm,
	title="PyCharm",
	howpublished="URL: \url{https://www.jetbrains.com/ru-ru/pycharm/} (дата обращения: 30.04.2022)"
}

@misc{vcode,
	title="Visual Studio Code",
	howpublished="URL: \url{https://code.visualstudio.com/} (дата обращения: 30.04.2022)"
}

@misc{ubuntu,
	title="Ubuntu 20.04.3 LTS (Focal Fossa)",
	howpublished="URL: \url{https://releases.ubuntu.com/20.04/} (дата обращения: 30.04.2022)"
}

@misc{linux,
	title="Linux -- Википедия",
	howpublished="URL: \url{https://ru.wikipedia.org/wiki/Linux} (дата обращения: 30.04.2022)"
}

@misc{intel,
	title="Процессор Intel Core i5-1135G7",
	howpublished="URL: \url{https://www.intel.ru/content/www/ru/ru/products/sku/208658/intel-core-i51135g7-processor-8m-cache-up-to-4-20-ghz/specifications.html} (дата обращения: 30.04.2022)"
}


@misc{sqlrating,
	title="DB-Engines Ranking of Relational DBMS",
	howpublished="URL: \url{https://db-engines.com/en/ranking}(дата обращения: 30.04.2022)"
}

@misc{faker,
	title="Документация Faker",
	howpublished="URL: \url{https://faker.readthedocs.io/en/master/}(дата обращения: 30.04.2022)"
}

@misc{idef0,
	title="Описание IDEF0",
	howpublished="URL: \url{https://bpmn.pro/process/idef0}(дата обращения: 30.04.2022)"
}

@misc{popular,
	title="DB-Engines Ranking of Relational DBMS",
	howpublished="URL: \url{https://db-engines.com/en/ranking/relational+dbms}(дата обращения: 30.04.2022)"
}

@misc{vvedenie,
	title="Firebird RDBMS",
	howpublished="URL: \url{https://firebirdsql.org} (дата обращения: 30.04.2022)"
}

@misc{pyqt5,
	title="PyQt5",
	howpublished="URL: \url{https://pypi.org/project/PyQt5/}(дата обращения: 05.05.2022)"
}
