@misc{db-engines-rating,
	title="DBMS popularity broken down by database model [Электронный ресурс]",
	url = {https://db-engines.com/en/ranking_categories}, 
	nurldate={30.04.2022}
}
@misc{rfbn,
	title="Расширенная Бэкуса — Наура форма (РБНФ) [Электронный ресурс]",
	url = {https://studme.org/380486/informatika/rasshirennaya_bekusa_naura_forma_rbnf}, 
	urldate={30.04.2022}
}

@misc{postgres-types,
	title="Типы данных [Электронный ресурс]",
	url = {https://www.postgresql.org/docs/14/datatype.html}, 
	urldate={30.04.2022}
}

@misc{rdbms,
	title="Реляционная система управления базой данных [Электронный ресурс]",
	url = {https://clck.ru/ao9co}, 
	urldate={30.04.2022}
}


@misc{ansi-sql,
	title="ANSI SQL [Электронный ресурс]",
	url = {https://docs.oracle.com/cd/B12037_01/server.101/b10759/ap_standard_sql001.htm}, 
	urldate={30.04.2022}
}
@misc{iso-sql,
	title="ISO/IEC 9075-1:2016 [Электронный ресурс]",
	url = {https://www.iso.org/obp/ui/#iso:std:iso-iec:9075:-1:ed-5:v1:en}, 
	urldate={30.04.2022}
}
@misc{postgresql-standard,
	title="PostgresSQL Conformance [Электронный ресурс]",
	url = {https://www.postgresql.org/docs/current/features.html}, 
	urldate={30.04.2022}
}
@misc{mysql-standard,
	title="MySQL Standards Compliance [Электронный ресурс]",
	url = {https://dev.mysql.com/doc/refman/8.0/en/compatibility.html}, 
	urldate={30.04.2022}
}
@misc{sqlite-standard,
	title="SQLite [Электронный ресурс]",
	url = {https://www.sqlite.org/index.html}, 
	urldate={30.04.2022}
}

@misc{cmp-postgresql-mysql,
	title="PostgreSQL VS MySQL - What Are The Main Differences [Электронный ресурс]",
	url = {https://www.softwaretestinghelp.com/postgresql-vs-mysql/}, 
	urldate={30.04.2022}
}


@misc{pythonlang,
	title="Welcome to Python [Электронный ресурс]",
	url = {https://www.python.org}, 
	urldate={30.04.2022}
}

@misc{pythonlangtime,
	title="time -- Time access and conversions [Электронный ресурс]",
	url = {https://docs.python.org/3/library/time.html#functions}, 
	urldate={30.04.2022}
}


@misc{pycharm,
	title="PyCharm [Электронный ресурс]",
	url = {https://www.jetbrains.com/ru-ru/pycharm/}, 
	urldate={30.04.2022}
}

@misc{vcode,
	title="Visual Studio Code [Электронный ресурс]",
	url = {https://code.visualstudio.com/}, 
	urldate={30.04.2022}
}

@misc{ubuntu,
	title="Ubuntu 20.04.3 LTS (Focal Fossa) [Электронный ресурс]",
	url = {https://releases.ubuntu.com/20.04/}, 
	urldate={30.04.2022}
}

@misc{linux,
	title="Linux -- Википедия [Электронный ресурс]",
	url = {https://ru.wikipedia.org/wiki/Linux},
	urldate={30.04.2022}
}

@misc{intel,
	title="Процессор Intel® Core™ i5-1135G7 [Электронный ресурс]",
	url={https://www.intel.ru/content/www/ru/ru/products/sku/208658/intel-core-i51135g7-processor-8m-cache-up-to-4-20-ghz/specifications.html}, 
	urldate={30.04.2022}
}


@online{sqlrating,
	title="DB-Engines Ranking of Relational DBMS",
	url = {https://db-engines.com/en/ranking/relational+dbms},
	urldate = {25.04.2022},
	language = "english"
}


@misc{faker,
	title="Документация Faker",
	url = {https://faker.readthedocs.io/en/master/},
	urldate = {25.04.2022}
}

@misc{idef0,
	title="Описание IDEF0",
	url = {https://bpmn.pro/process/idef0},
	urldate = {25.04.2022}
}

@misc{popular,
	title="DB-Engines Ranking of Relational DBMS",
	url = {https://db-engines.com/en/ranking/relational+dbms},
	urldate = {25.04.2022}
}

@misc{vvedenie,
	title="Firebird RDBMS",
	url = {https://firebirdsql.org/en/firebird-rdbms/},
	urldate = {25.04.2022}
}

@misc{pyqt5,
	title="PyQt5",
	url = {https://pypi.org/project/PyQt5/},
	urldate = {25.04.2022}
}
